@article{international2009estimation,
  title={Estimation of the warfarin dose with clinical and pharmacogenetic data},
  author={International Warfarin Pharmacogenetics Consortium},
  journal={New England Journal of Medicine},
  volume={360},
  number={8},
  pages={753--764},
  year={2009},
  publisher={Mass Medical Soc}
}

@article{mnih2013playing,
	title={Playing atari with deep reinforcement learning},
	author={Mnih, Volodymyr and Kavukcuoglu, Koray and Silver, David and Graves, Alex and Antonoglou, Ioannis and Wierstra, Daan and Riedmiller, Martin},
	journal={arXiv preprint arXiv:1312.5602},
	year={2013}
}

@inproceedings{li2010contextual,
	title={A contextual-bandit approach to personalized news article recommendation},
	author={Li, Lihong and Chu, Wei and Langford, John and Schapire, Robert E},
	booktitle={Proceedings of the 19th international conference on World wide web},
	pages={661--670},
	year={2010}
}

@inproceedings{peters2003reinforcement,
	title={Reinforcement learning for humanoid robotics},
	author={Peters, Jan and Vijayakumar, Sethu and Schaal, Stefan},
	booktitle={Proceedings of the third IEEE-RAS international conference on humanoid robots},
	pages={1--20},
	year={2003}
}

@inproceedings{cai2017real,
	title={Real-time bidding by reinforcement learning in display advertising},
	author={Cai, Han and Ren, Kan and Zhang, Weinan and Malialis, Kleanthis and Wang, Jun and Yu, Yong and Guo, Defeng},
	booktitle={Proceedings of the Tenth ACM International Conference on Web Search and Data Mining},
	pages={661--670},
	year={2017}
}

@inproceedings{codevilla2018end,
	title={End-to-end driving via conditional imitation learning},
	author={Codevilla, Felipe and Miiller, Matthias and L{\'o}pez, Antonio and Koltun, Vladlen and Dosovitskiy, Alexey},
	booktitle={2018 IEEE International Conference on Robotics and Automation (ICRA)},
	pages={1--9},
	year={2018},
	organization={IEEE}
}

@article{lai1985asymptotically,
	title={Asymptotically efficient adaptive allocation rules},
	author={Lai, Tze Leung and Robbins, Herbert},
	journal={Advances in applied mathematics},
	volume={6},
	number={1},
	pages={4--22},
	year={1985},
	publisher={Academic Press}
}

@article{abe2003reinforcement,
	title={Reinforcement learning with immediate rewards and linear hypotheses},
	author={Abe, Naoki and Biermann, Alan W and Long, Philip M},
	journal={Algorithmica},
	volume={37},
	number={4},
	pages={263--293},
	year={2003},
	publisher={Springer}
}

@article{lattimore2018bandit,
	title={Bandit algorithms},
	author={Lattimore, Tor and Szepesv{\'a}ri, Csaba},
	journal={preprint},
	pages={28},
	year={2018}
}

@article{dani2008stochastic,
	title={Stochastic linear optimization under bandit feedback},
	author={Dani, Varsha and Hayes, Thomas P and Kakade, Sham M},
	year={2008}
}

@article{auer2002using,
	title={Using confidence bounds for exploitation-exploration trade-offs},
	author={Auer, Peter},
	journal={Journal of Machine Learning Research},
	volume={3},
	number={Nov},
	pages={397--422},
	year={2002}
}

@inproceedings{agrawal2013thompson,
	title={Thompson sampling for contextual bandits with linear payoffs},
	author={Agrawal, Shipra and Goyal, Navin},
	booktitle={International Conference on Machine Learning},
	pages={127--135},
	year={2013}
}