@article{international2009estimation,
	title={Estimation of the warfarin dose with clinical and pharmacogenetic data},
	author={International Warfarin Pharmacogenetics Consortium},
	journal={New England Journal of Medicine},
	volume={360},
	number={8},
	pages={753--764},
	year={2009},
	publisher={Mass Medical Soc}
}

@inproceedings{li2010contextual,
	title={A contextual-bandit approach to personalized news article recommendation},
	author={Li, Lihong and Chu, Wei and Langford, John and Schapire, Robert E},
	booktitle={Proceedings of the 19th international conference on World wide web},
	pages={661--670},
	year={2010}
}

@article{lai1985asymptotically,
	title={Asymptotically efficient adaptive allocation rules},
	author={Lai, Tze Leung and Robbins, Herbert},
	journal={Advances in applied mathematics},
	volume={6},
	number={1},
	pages={4--22},
	year={1985},
	publisher={Academic Press}
}

@article{lattimore2018bandit,
	title={Bandit algorithms},
	author={Lattimore, Tor and Szepesv{\'a}ri, Csaba},
	journal={preprint},
	pages={28},
	year={2018}
}

@article{dani2008stochastic,
	title={Stochastic linear optimization under bandit feedback},
	author={Dani, Varsha and Hayes, Thomas P and Kakade, Sham M},
	year={2008}
}
